% The example bibliographical entries below were borrowed from the
% <https://www.ctan.org/pkg/biblatex-iso690> package documentation.

% MUNI
@ONLINE{muni,
  publisher = {Masaryk University},
  title     = {Masaryk University},
  date      = {1996/2009},
  url       = {https://www.muni.cz/en},
  urldate   = {2020-04-01},
  location  = {Brno},
  langid    = {english}
}

% Current trends in reconfigurable modular robots design
@article{current-trends,
author = {Alberto Brunete and Avinash Ranganath and Sergio Segovia and Javier Perez de Frutos and Miguel Hernando and Ernesto Gambao},
title ={Current trends in reconfigurable modular robots design},
journal = {International Journal of Advanced Robotic Systems},
volume = {14},
number = {3},
pages = {1729881417710457},
year = {2017},
doi = {10.1177/1729881417710457},

URL = { 
        https://doi.org/10.1177/1729881417710457
    
},
eprint = { 
        https://doi.org/10.1177/1729881417710457
    
}
,
    abstract = { This article presents a review on trends in modular reconfigurable robots, comparing the evolution of the features of the most significant robots over the years and focusing on the latest designs. These features are reconfiguration, docking, degrees of freedom, locomotion, control, communications, size, and powering. For each feature, some of the most relevant designs are presented and the current trends in the design are discussed. }
}


% M-TRAN
@ARTICLE{mtran, author={S. {Murata} and E. {Yoshida} and A. {Kamimura} and H. {Kurokawa} and K. {Tomita} and S. {Kokaji}}, journal={IEEE/ASME Transactions on Mechatronics}, title={M-TRAN: self-reconfigurable modular robotic system}, year={2002}, volume={7}, number={4}, pages={431-441},}

% SMORES
@INPROCEEDINGS{smores, author={J. {Davey} and N. {Kwok} and M. {Yim}}, booktitle={2012 IEEE/RSJ International Conference on Intelligent Robots and Systems}, title={Emulating self-reconfigurable robots - design of the SMORES system}, year={2012}, volume={}, number={}, pages={4464-4469},}

% Roombots
@INPROCEEDINGS{roombots, author={A. {Sproewitz} and A. {Billard} and P. {Dillenbourg} and A. J. {Ijspeert}}, booktitle={2009 IEEE International Conference on Robotics and Automation}, title={Roombots-mechanical design of self-reconfiguring modular robots for adaptive furniture}, year={2009}, volume={}, number={}, pages={4259-4264},}

% USSR
@INPROCEEDINGS{ussr,  author={D. {Christensen} and D. {Brandt} and K. {Stoy} and U. P. {Schultz}},  booktitle={2008 IEEE/RSJ International Conference on Intelligent Robots and Systems},  title={A unified simulator for Self-Reconfigurable Robots},   year={2008},  volume={},  number={},  pages={870-876},}


% GazeboSim
@ONLINE{gazebo,
  publisher = {Open Source Robotics Foundation},
  title     = {Gazebo},
  date      = {2014},
  url       = {http://gazebosim.org/},
  urldate   = {2020-04-11},
  langid    = {english}
}

% Webots
@ONLINE{webots,
  publisher = {Cyberbotics Ltd.},
  title     = {Webots: robot simulator},
  url       = {https://cyberbotics.com/},
  urldate   = {2020-04-11},
  langid    = {english}
}

% RoboDK
@ONLINE{robodk,
  publisher = {RoboDK Inc.},
  title     = {Simulator for industrial robots and offline programming - RoboDK},
  date      = {2020},
  url       = {https://robodk.com/},
  urldate   = {2020-04-11},
  langid    = {english}
}

