% MUNI
@ONLINE{muni,
  publisher = {Masaryk University},
  title     = {Masaryk University},
  date      = {1996/2009},
  url       = {https://www.muni.cz/en},
  urldate   = {2020-04-01},
  location  = {Brno},
  langid    = {english}
}

@mastersthesis{rofi-thesis,
  author = {Mrázek, Jan},
  title = {RoFI -- Distributed Metamorphic Robots},
  year = {2019},
  month = feb,
  type = {Master's thesis},
  school = {Masaryk University, Faculty of Informatics, Brno, Czech Republic},
  url = {https://is.muni.cz/th/y1s7e/?lang=en}
}

@mastersthesis{motion-planning-thesis,
  author = {Vozárová, Viktória},
  title = {Motion Planning for the RoFI Platform},
  year = {2019},
  month = jun,
  type = {Master's thesis},
  school = {Masaryk University, Faculty of Informatics, Brno, Czech Republic},
  url = {https://is.muni.cz/th/w7y7w/?lang=en}
}

% RoFI web
@ONLINE{rofi-web,
  publisher = {ParaDiSe Laboratory at Fakulty of Informatics, Masaryk University},
  title     = {ParaDiSe},
  url       = {https://paradise.fi.muni.cz/},
  urldate   = {2020-05-14},
  langid    = {english}
}

% ParaDiSe web
@ONLINE{paradise-web,
  publisher = {ParaDiSe Laboratory at Fakulty of Informatics, Masaryk University},
  title     = {The RoFI Platform},
  url       = {https://rofi.fi.muni.cz/},
  urldate   = {2020-05-12},
  langid    = {english}
}

% RoFICoM paper
@inproceedings{roficom,
author={Mrázek, Jan and Barnat, Jiří},
year={2019},
pages={2720-2725},
title={RoFICoM – First Open-Hardware Connector for Metamorphic Robots}, 
booktitle={IEEE/RSJ International Conference on Intelligent Robots and Systems}, 
doi = {10.1109/IROS40897.2019.8968167}
}

% Current trends in reconfigurable modular robots design
@inproceedings{current-trends,
author = {Brunete, Alberto and Ranganath, Avinash and Segovia, Sergio and Pérez de Frutos, Javier and Hernando, Miguel and Gambao, Ernesto},
year = {2017},
month = {06},
pages = {1-21},
title = {Current trends in reconfigurable modular robots design},
volume = {14},
booktitle = {International Journal of Advanced Robotic Systems},
doi = {10.1177/1729881417710457},
urldate={2020-03-05}
}

% M-TRAN
@inproceedings{mtran,
author = {Murata, Satoshi and Yoshida, Eiichi and Kamimura, Akiya and Kurokawa, Haruhisa and Tomita, Kohji and Kokaji, Shigeru},
year = {2003},
month = {01},
pages = {431 - 441},
title = {M-TRAN: Self-reconfigurable modular robotic system},
volume = {7},
booktitle={IEEE/ASME Transactions on Mechatronics},
doi = {10.1109/TMECH.2002.806220}
}

% M-TRAN web
@ONLINE{mtran-web,
  publisher = {Distributed System Design Research Group at Intelligent Systems Research Institute, National Institute of Advance Industiral Science and Technology},
  title     = {M-TRAN (Modular Transformer)},
  url       = {https://unit.aist.go.jp/is/frrg/dsysd/mtran3},
  urldate   = {2020-06-26},
  langid    = {english}
}


% SMORES
@inproceedings{smores,
author = {Davey, Jay and Kwok, N.M. and Yim, Mark},
year = {2012},
month = {10},
pages = {4464-4469},
title = {Emulating self-reconfigurable robots - Design of the SMORES system},
isbn = {978-1-4673-1737-5},
booktitle = {IEEE/RSJ International Conference on Intelligent Robots and Systems},
doi = {10.1109/IROS.2012.6385845}
}

% Roombots
@inproceedings{roombots,
author = {Badri-Spröwitz, Alexander and Billard, Aude and Dillenbourg, Pierre and Ijspeert, A.J.},
year = {2009},
month = {06},
pages = {4259 - 4264},
title = {Roombots-Mechanical Design of Self-Reconfiguring Modular Robots for Adaptive Furniture},
booktitle={2009 IEEE International Conference on Robotics and Automation},
doi = {10.1109/ROBOT.2009.5152613}
}

% USSR
@inproceedings{ussr,
author = {Christensen, David and Brandt, David and Stoy, Kasper and Schultz, Ulrik},
year = {2008},
month = {10},
pages = {870 - 876},
title = {A Unified Simulator for Self-Reconfigurable Robots},
doi = {10.1109/IROS.2008.4650757},
urldate   = {2020-04-20}
}

% GazeboSim
@inproceedings{gazebo,
  author={N. {Koenig} and A. {Howard}},
  booktitle={2004 IEEE/RSJ International Conference on Intelligent Robots and Systems (IROS) (IEEE Cat. No.04CH37566)}, 
  title={Design and use paradigms for Gazebo, an open-source multi-robot simulator}, 
  year={2004},
  volume={3},
  number={},
  pages={2149-2154 vol.3},
}

% GazeboSim Web
@ONLINE{gazebo-web,
  publisher = {Open Source Robotics Foundation},
  title     = {Gazebo},
  subtitle = {The Gazebo robot simulation},
  url       = {http://gazebosim.org/},
  urldate   = {2020-04-20},
  langid    = {english}
}

% ROS
@ONLINE{ros,
  publisher = {Open Source Robotics Foundation},
  title     = {ROS.org},
  subtitle = {Powering the world's robots},
  url       = {https://www.ros.org/},
  urldate   = {2020-06-26},
  langid    = {english}
}

% SDFormat
@ONLINE{sdf,
  publisher = {Open Source Robotics Foundation},
  title     = {SDFormat},
  url       = {http://sdformat.org/},
  urldate   = {2020-06-26},
  langid    = {english}
}

% Protobuf
@ONLINE{protobuf,
  publisher = {Google Developers},
  title     = {Protocol Buffers},
  url       = {https://developers.google.com/protocol-buffers},
  urldate   = {2020-06-20},
  langid    = {english}
}

% Webots
@ONLINE{webots,
  publisher = {Cyberbotics Ltd.},
  title     = {Webots: robot simulator},
  url       = {https://cyberbotics.com/},
  urldate   = {2020-04-20},
  langid    = {english}
}

% RoboDK
@ONLINE{robodk,
  publisher = {RoboDK Inc.},
  title     = {Simulator for industrial robots and offline programming - RoboDK},
  url       = {https://robodk.com/},
  urldate   = {2020-04-20},
  langid    = {english}
}

% SMORES video
@ONLINE{smores-video,
  author = {Gangyuan Jing and Tarik Tosun and Mark Yim and Hadas Kress-Gazit},
  publisher = {Youtube},
  title     = {An End-to-End System for Accomplishing Tasks with Modular Robots},
  url       = {https://www.youtube.com/watch?v=HMS0nygMNNU},
  urldate   = {2020-05-29},
  langid    = {english}
}
